<?xml version="1.0" encoding="UTF-8"?><collection xmlns="http://www.loc.gov/MARC21/slim"><record><leader>00479nam--2200181-i-4500</leader><controlfield tag="001">000022582</controlfield><controlfield tag="002">20161230</controlfield><controlfield tag="005">20170306144547</controlfield><controlfield tag="008">060222s1000------------r-----000-0-eng-d</controlfield><datafield ind1=" " ind2=" " tag="040"><subfield code="a">IFIN-HH</subfield></datafield><datafield ind1=" " ind2=" " tag="080"><subfield code="a">533.9:538.4</subfield></datafield><datafield ind1="1" ind2=" " tag="100"><subfield code="a">Jeffrey, Alan</subfield></datafield><datafield ind1="1" ind2="0" tag="245"><subfield code="a">Magnetohydrodynamics</subfield><subfield code="c">Alan Jeffrey</subfield></datafield><datafield ind1=" " ind2=" " tag="260"><subfield code="a">Edinburgh</subfield><subfield code="b">Oliver &amp; Boyd</subfield><subfield code="c">1966</subfield></datafield><datafield ind1=" " ind2=" " tag="300"><subfield code="a">VIII + 252P</subfield></datafield><datafield ind1=" " ind2="0" tag="490"><subfield code="a">University Mathematical Texts</subfield><subfield code="v">Vol. 33</subfield></datafield><datafield ind1=" " ind2=" " tag="852"><subfield code="a">24458</subfield><subfield code="c">538.4</subfield></datafield><datafield ind1=" " ind2=" " tag="CAT"><subfield code="a">SYS</subfield><subfield code="c">20170306</subfield><subfield code="h">144547</subfield></datafield></record></collection>